<record><leader>00000cas a2200000 a 4500</leader><controlfield tag="001">42245495</controlfield><controlfield tag="008">990825d19611974oruwr ne      0    0eng c</controlfield><datafield ind1=" " ind2=" " tag="010"><subfield code="a">sn 99063855 </subfield></datafield><datafield ind1=" " ind2=" " tag="040"><subfield code="a">OCN</subfield><subfield code="b">eng</subfield><subfield code="c">OCN</subfield><subfield code="d">OCLCQ</subfield><subfield code="d">OCLCF</subfield><subfield code="d">OCLCO</subfield></datafield><datafield ind1=" " ind2=" " tag="042"><subfield code="a">pcc</subfield></datafield><datafield ind1=" " ind2=" " tag="043"><subfield code="a">n-us-or</subfield></datafield><datafield ind1="0" ind2="0" tag="245"><subfield code="a">Scappoose spotlight.</subfield></datafield><datafield ind1=" " ind2=" " tag="260"><subfield code="a">Scappoose, Or. :</subfield><subfield code="b">B.M. Erickson,</subfield><subfield code="c">1961-1974.</subfield></datafield><datafield ind1=" " ind2=" " tag="300"><subfield code="a">v.</subfield></datafield><datafield ind1=" " ind2=" " tag="310"><subfield code="a">Weekly</subfield></datafield><datafield ind1="0" ind2=" " tag="362"><subfield code="a">Vol. 1 no. 1 (Mar. 23, 1961)-v. 14, no. 38 (Sept. 19, 1974).</subfield></datafield><datafield ind1=" " ind2=" " tag="530"><subfield code="a">Also issued on microfilm from University of Oregon.</subfield></datafield><datafield ind1=" " ind2=" " tag="580"><subfield code="a">Merged with: Vernonia eagle, to form: Columbia County herald.</subfield></datafield><datafield ind1=" " ind2="0" tag="651"><subfield code="a">Scappoose (Or.)</subfield><subfield code="v">Newspapers.</subfield></datafield><datafield ind1=" " ind2="7" tag="655"><subfield code="a">Newspapers.</subfield><subfield code="2">fast</subfield><subfield code="0">(OCoLC)fst01423814</subfield></datafield><datafield ind1=" " ind2="7" tag="651"><subfield code="a">Oregon</subfield><subfield code="z">Scappoose.</subfield><subfield code="2">fast</subfield><subfield code="0">(OCoLC)fst01227810</subfield></datafield><datafield ind1=" " ind2=" " tag="752"><subfield code="a">United States</subfield><subfield code="b">Oregon</subfield><subfield code="c">Columbia</subfield><subfield code="d">Scappoose.</subfield></datafield><datafield ind1="1" ind2="7" tag="785"><subfield code="t">Vernonia eagle</subfield><subfield code="w">(DLC)sn 99063854</subfield></datafield><datafield ind1="1" ind2="7" tag="785"><subfield code="t">Columbia County herald</subfield><subfield code="w">(DLC)sn 99063856</subfield></datafield></record>